@online{mstest,
 author={{Microsoft}},
 title={Microsoft.VisualStudio.TestTools.UnitTesting},
 url={https://docs.microsoft.com/en-us/dotnet/api/microsoft.visualstudio.testtools.unittesting?view=mstest-net-1.3.2},
 urldate={2021-02-03},
 year={2021}
}