@online{gmds,
  Author={{gmds}},
  TITLE={Definition Medizinische Informatik},
  url={https://www.gmds.de/aktivitaeten/medizinische-informatik/},
  urldate={2023-03-07},
  YEAR="2023"
}

@online{imise,
  Author={{IMISE}},
  TITLE= {Institut f√ºr Medizinische Informatik, Statistik und Epidemiologie},
  url={https://www.imise.uni-leipzig.de/Institut},
  urldate={2023-03-09},
  YEAR="2023"
}

@online{graphvisual,
  Author={{SNIK}},
  TITLE= {Graphvisualisierung},
  url={https://www.snik.eu/graph/},
  urldate={2023-03-09},
  YEAR="2023"
}

@online{qanswer,
  Author={{QAnswer}},
  TITLE= {Question Answerung},
  url={https://app.qanswer.ai/public-share?kb=SNIK_BB&type=graph&user=kirdie},
  urldate={2023-03-09},
  YEAR="2023"
}

@online{mckinsey,
  author          = {Jacques Bughin and Jeongmin Seong and James Manyika and Michael Chui and Raoul Joshi},
  title           = {Notes from the AI frontier: Modeling the impact of AI on the world economy.},
  year            = {2018}
}

@online{gpt3,
  author          = {Tom B. Brown and Benjamin Mann and Nick Ryder and Melanie Subbiah and Jared Kaplan and Prafulla Dhariwal and Arvind Neelakantan and Pranav Shyam and Girish Sastry and Amanda Askell and Sandhini Agarwal and Ariel Herbert-Voss and Gretchen Krueger and Tom Henighan and Rewon Child and Aditya Ramesh and Daniel M. Ziegler and Jeffrey Wu and Clemens Winter and Christopher Hesse and Mark Chen and Eric Sigler and Mateusz Litwin and Scott Gray and Benjamin Chess and Jack Clark and Christopher Berner and Sam McCandlish and Alec Radford and Ilya Sutskever and Dario Amodei},
  title           = {Language Models are Few-Shot Learners},
  year            = {2020},
  version         = 4,
  eprinttype      = {arxiv},
  eprint          = {2005.14165},
  eprintclass     = {cs.CL}
}

@article{skincancer,
  author          = {Andre Esteva and Brett Kuprel and Roberto A. Novoa and others},
  journal         = {Nature},
  number          = {542},
  title           = {Dermatologist-level classification of skin cancer with deep neural networks},
  pages           = {115-118},
  year            = {2017},
  doi             = {10.1038/nature21056},
}

@book{kis_winter,
  author         = {Alfred Winter and Reinhold Haux and Elske Ammenwerth and Birgit Brigl and Nils Hellrung and Franziska Jahn},
  editor         = {Kathryn J. Hannah and Marion J. Ball},
  publisher      = {Springer London},
  title          = {Health Information Systems: Architectures and Strategies},
  year           = {2010},
  doi            = {10.1007/978-1-84996-441-8},
}

@inbook{kis_italy,
author = {Locatelli, Paolo and Restifo, Nicola and Gastaldi, Luca and Corso, Mariano},
year = {2012},
month = {05},
pages = {71-96},
title = {Health Care Information Systems: Architectural Models and Governance},
isbn = {978-953-51-0644-9},
doi = {10.5772/38212}
}

@mastersthesis{bell_snik,
  author  = {Hannes Raphael Brunsch},
  school  = {Wilhelm-Ostwald-Schule},
  title   = {Question Answering auf SNIK},
  year    = {2023}
}
@online{chatgpt_qas,
  author          = {Reham Omar and Omij Mangukiya and Panos Kalnis and Essam Mansour},
  title           = {ChatGPT versus Traditional Question Answering for Knowledge Graphs: Current Status and Future Directions Towards Knowledge Graph Chatbots},
  year            = {2023},
  version         = 1,
  eprinttype      = {arxiv},
  eprint          = {2302.06466},
  eprintclass     = {cs.CL}
}

}