@online{gmds,
  author  = {{Deutsche Gesellschaft für Medizinische Informatik, Biometrie und Epidemiologie (GMDS)}},
  title   = {Definition Medizinische Informatik},
  url     = {https://www.gmds.de/aktivitaeten/medizinische-informatik/},
  urldate = {2023-03-07},
  year    = {2023}
}

@online{imise,
  author  = {{IMISE}},
  title   = {Institut für Medizinische Informatik, Statistik und Epidemiologie},
  url     = {https://www.imise.uni-leipzig.de/Institut},
  urldate = {2023-03-09},
  year    = {2023}
}

@online{qanswer,
  author  = {{QAnswer}},
  title   = {Question Answering},
  url     = {https://app.qanswer.ai/public-share?kb=SNIK_BB&type=graph&user=kirdie},
  urldate = {2023-03-09},
  year    = {2023}
}

@misc{hwwi,
  title  = {Think beyond tomorrow},
  author = {Dr. Johannes Schneider and Prof. Dr. Henning Vöpel and Martin Weis},
  year   = {2018},
  url    = {https://www.hwwi.org/fileadmin/hwwi/Publikationen/Studien/Screen_EY-18-049_STU_Think_beyond_tomorrow__KI__BKL1809-049-v6.pdf}
}


@inproceedings{gpt3,
  author    = {Brown, Tom and Mann, Benjamin and Ryder, Nick and Subbiah, Melanie and Kaplan, Jared D and Dhariwal, Prafulla and Neelakantan, Arvind and Shyam, Pranav and Sastry, Girish and Askell, Amanda and Agarwal, Sandhini and Herbert-Voss, Ariel and Krueger, Gretchen and Henighan, Tom and Child, Rewon and Ramesh, Aditya and Ziegler, Daniel and Wu, Jeffrey and Winter, Clemens and Hesse, Chris and Chen, Mark and Sigler, Eric and Litwin, Mateusz and Gray, Scott and Chess, Benjamin and Clark, Jack and Berner, Christopher and McCandlish, Sam and Radford, Alec and Sutskever, Ilya and Amodei, Dario},
  booktitle = {Advances in Neural Information Processing Systems},
  editor    = {H. Larochelle and M. Ranzato and R. Hadsell and M.F. Balcan and H. Lin},
  pages     = {1877--1901},
  publisher = {Curran Associates, Inc.},
  title     = {Language Models are Few-Shot Learners},
  volume    = {33},
  year      = {2020}
}

@online{gmds_eth,
  author  = {Wolfgang Ahrens and Björn Bergh and Marlene Bohrer-Steck and Jenny Chang-Claude and Hildegard Christ and Thomas Deserno and Carl Dujat and Johannes Haerting and Claus O. Köhler and Ulrike Kutscha and Olaf Mosbach-Schulz and Jörg Müller and Angelika Mulder-Rathgeber and Wolfgang Niederlag and Monika Niehsen-Zehrer and Klaus Pommerening and Alfred Scharsky and Claus Stark and Roland Vollmar and Alfred Winter},
  title   = {Ethische Leitlininen der {Deutschen Gesellschaft für Medizinische Informatik, Biometrie und Epidemiologie e.V. (GMDS)}, des {Arbeitskreises der IT-Leiter/innen der Universitätsklinika (AL-KRZ)} des {Berufsverbandes Medizinischer Informatiker (BVMI)}, des {Bundesverbandes der Krankenhaus-IT-Leiterinnen/Leiter e.V. (KH-IT)} und des {Deutschen Verbandes Medizinischer Dokumentare e.V. (DVMD)}},
  url     = {https://www.gmds.de/fileadmin/user_upload/Aktivitaeten_Themen/praesidiumskommissionen/Ethische_Leitlinien.pdf},
  year    = {2023},
  urldate = {2023-04-23}
}

@article{gpt4,
  title         = {GPT-4 Technical Report},
  author        = {OpenAI},
  year          = {2023},
  eprint        = {2303.08774},
  archiveprefix = {arXiv},
  primaryclass  = {cs.CL}
}

@article{skincancer,
  author  = {Andre Esteva and Brett Kuprel and Roberto A. Novoa and others},
  journal = {Nature},
  number  = {542},
  title   = {Derma"-tologist-level classification of skin cancer with deep neural networks},
  pages   = {115-118},
  year    = {2017},
  doi     = {10.1038/nature21056}
}

@book{kis_winter,
  author    = {Alfred Winter and Reinhold Haux and Elske Ammenwerth and Birgit Brigl and Nils Hellrung and Franziska Jahn},
  editor    = {Kathryn J. Hannah and Marion J. Ball},
  publisher = {Springer London},
  title     = {Health Information Systems: Architectures and Strategies},
  year      = {2010},
  doi       = {10.1007/978-1-84996-441-8}
}

@inbook{kis_italy,
  author = {Locatelli, Paolo and Restifo, Nicola and Gastaldi, Luca and Corso, Mariano},
  year   = {2012},
  month  = {05},
  pages  = {71-96},
  title  = {Health Care Information Systems: Architectural Models and Governance},
  isbn   = {978-953-51-0644-9},
  doi    = {10.5772/38212}
}

@mastersthesis{hannesbell,
  title   = {{Q}uestion {A}nswering auf {SNIK}},
  author  = {Hannes Raphael Brunsch},
  type    = {Besondere {L}ernleistung},
  school  = {Wilhelm-Ostwald-Schule},
  address = {Leipzig, Germany},
  url     = {https://www.snik.eu/public/bell-hrb.pdf},
  year    = {2022}
}
: Question Answering auf SNIK (Wilhelm-Ostwald-Schule, Universität Leipzig. SKILL 2018-Studentenkonferenz Informatik (2018).
@inproceedings{hannesbell_skill,
  author    = {Hannes R. Brunsch},
  booktitle = {SKILL 2018-Studentenkonferenz Informatik},
  title     = {{Q}uestion {A}nswering auf {SNIK}},
  year      = {2018},
  editor    = {},
  pages     = {},
  doi       = {}
}

@online{chatgpt_qas,
  author      = {Reham Omar and Omij Mangukiya and Panos Kalnis and Essam Mansour},
  title       = {ChatGPT versus Traditional Question Answering for Knowledge Graphs: Current Status and Future Directions Towards Knowledge Graph Chatbots},
  year        = {2023},
  version     = 1,
  eprinttype  = {arxiv},
  eprint      = {2302.06466},
  eprintclass = {cs.CL}
}

@article{rare_diseases,
  author         = {Brasil, Sandra and Pascoal, Carlota and Francisco, Rita and dos Reis Ferreira, Vanessa and A. Videira, Paula and Valadão, Gonçalo},
  title          = {Artificial Intelligence (AI) in Rare Diseases: Is the Future Brighter?},
  journal        = {Genes},
  volume         = {10},
  year           = {2019},
  number         = {12},
  article-number = {978},
  pubmedid       = {31783696},
  issn           = {2073-4425},
  doi            = {10.3390/genes10120978}
}

@article{precision_med,
  author  = {Johnson, Kevin B. and Wei, Wei-Qi and Weeraratne, Dilhan and Frisse, Mark E. and Misulis, Karl and Rhee, Kyu and Zhao, Juan and Snowdon, Jane L.},
  title   = {Precision Medicine, AI, and the Future of Personalized Health Care},
  journal = {Clinical and Translational Science},
  volume  = {14},
  number  = {1},
  pages   = {86-93},
  doi     = {10.1111/cts.12884},
  year    = {2021}
}

@article{ai_marketing,
  author  = {Davenport, Thomas and Guha, Abhijit and Grewal, Dhruv and Bressgott, Timna},
  title   = {How artificial intelligence will change the future of marketing},
  journal = {Journal of the Academy of Marketing Science},
  year    = {2020},
  month   = {Jan},
  day     = {01},
  volume  = {48},
  number  = {1},
  pages   = {24-42},
  issn    = {1552-7824},
  doi     = {10.1007/s11747-019-00696-0}
}

@inproceedings{attention,
  author    = {Vaswani, Ashish and Shazeer, Noam and Parmar, Niki and Uszkoreit, Jakob and Jones, Llion and Gomez, Aidan N and Kaiser, \L ukasz and Polosukhin, Illia},
  booktitle = {Advances in Neural Information Processing Systems},
  editor    = {I. Guyon and U. Von Luxburg and S. Bengio and H. Wallach and R. Fergus and S. Vishwanathan and R. Garnett},
  pages     = {},
  publisher = {Curran Associates, Inc.},
  title     = {Attention is All you Need},
  volume    = {30},
  year      = {2017}
}

@article{ammus,
  title   = {{AMMU}: A survey of transformer-based biomedical pretrained
             language models},
  author  = {Kalyan, Katikapalli Subramanyam and Rajasekharan, Ajit and
             Sangeetha, Sivanesan},
  journal = {Journal of biomedical informatics},
  volume  = 126,
  pages   = {103982},
  year    = 2022,
  doi     = {10.1016/j.jbi.2021.103982}
}

@inproceedings{deep_residual,
  author    = {He, Kaiming and Zhang, Xiangyu and Ren, Shaoqing and Sun, Jian},
  booktitle = {2016 IEEE Conference on Computer Vision and Pattern Recognition (CVPR)},
  title     = {Deep Residual Learning for Image Recognition},
  year      = {2016},
  volume    = {},
  number    = {},
  pages     = {770-778},
  doi       = {10.1109/CVPR.2016.90}
}

@article{dropout,
  author  = {Nitish Srivastava and Geoffrey Hinton and Alex Krizhevsky and Ilya Sutskever and Ruslan Salakhutdinov},
  title   = {Dropout: A Simple Way to Prevent Neural Networks from Overfitting},
  journal = {Journal of Machine Learning Research},
  year    = {2014},
  volume  = {15},
  number  = {56},
  pages   = {1929--1958},
  url     = {http://jmlr.org/papers/v15/srivastava14a.html}
}



@misc{scaling_laws,
  title         = {Scaling Laws for Neural Language Models},
  author        = {Jared Kaplan and Sam McCandlish and Tom Henighan and Tom B. Brown and Benjamin Chess and Rewon Child and Scott Gray and Alec Radford and Jeffrey Wu and Dario Amodei},
  year          = {2020},
  eprint        = {2001.08361},
  archiveprefix = {arXiv},
  primaryclass  = {cs.LG}
}

@inproceedings{dont_stop_pretraining,
  title     = {Don{'}t Stop Pretraining: Adapt Language Models to Domains and Tasks},
  author    = {Gururangan, Suchin  and
               Marasovi{\'c}, Ana  and
               Swayamdipta, Swabha  and
               Lo, Kyle  and
               Beltagy, Iz  and
               Downey, Doug  and
               Smith, Noah A.},
  booktitle = {Proceedings of the 58th Annual Meeting of the Association for Computational Linguistics},
  month     = jul,
  year      = {2020},
  address   = {Online},
  publisher = {Association for Computational Linguistics},
  url       = {https://aclanthology.org/2020.acl-main.740},
  doi       = {10.18653/v1/2020.acl-main.740},
  pages     = {8342--8360}
}

@article{biobert,
  author  = {Lee, Jinhyuk and Yoon, Wonjin and Kim, Sungdong and Kim, Donghyeon and Kim, Sunkyu and So, Chan Ho and Kang, Jaewoo},
  title   = {{BioBERT: a pre-trained biomedical language representation model for biomedical text mining}},
  journal = {Bioinformatics},
  volume  = {36},
  number  = {4},
  pages   = {1234-1240},
  year    = {2019},
  issn    = {1367-4803},
  doi     = {10.1093/bioinformatics/btz682}
}

@article{finetuning,
  publtype = {informal},
  author   = {Daniel M. Ziegler and Nisan Stiennon and Jeffrey Wu and Tom B. Brown and Alec Radford and Dario Amodei and Paul F. Christiano and Geoffrey Irving},
  title    = {Fine-Tuning Language Models from Human Preferences},
  year     = {2019},
  cdate    = {1546300800000},
  journal  = {CoRR},
  volume   = {abs/1909.08593},
  url      = {http://arxiv.org/abs/1909.08593}
}

@inproceedings{gpt_neox,
  title     = {{GPT}-{N}eo{X}-20{B}: An Open-Source Autoregressive Language Model},
  author    = {Black, Sidney  and
               Biderman, Stella  and
               Hallahan, Eric  and
               Anthony, Quentin  and
               Gao, Leo  and
               Golding, Laurence  and
               He, Horace  and
               Leahy, Connor  and
               McDonell, Kyle  and
               Phang, Jason  and
               Pieler, Michael  and
               Prashanth, Usvsn Sai  and
               Purohit, Shivanshu  and
               Reynolds, Laria  and
               Tow, Jonathan  and
               Wang, Ben  and
               Weinbach, Samuel},
  booktitle = {Proceedings of BigScience Episode {\#}5 -- Workshop on Challenges {\&} Perspectives in Creating Large Language Models},
  month     = may,
  year      = {2022},
  publisher = {Association for Computational Linguistics},
  doi       = {10.18653/v1/2022.bigscience-1.9},
  pages     = {95--136}
}

@misc{gptj,
  author       = {Wang, Ben and Komatsuzaki, Aran},
  title        = {{GPT-J-6B: A 6 Billion Parameter Autoregressive Language Model}},
  howpublished = {\url{https://github.com/kingoflolz/mesh-transformer-jax}},
  year         = 2021,
  month        = May
}

@misc{llama,
  title         = {LLaMA: Open and Efficient Foundation Language Models},
  author        = {Hugo Touvron and Thibaut Lavril and Gautier Izacard and Xavier Martinet and Marie-Anne Lachaux and Timothée Lacroix and Baptiste Rozière and Naman Goyal and Eric Hambro and Faisal Azhar and Aurelien Rodriguez and Armand Joulin and Edouard Grave and Guillaume Lample},
  year          = {2023},
  eprint        = {2302.13971},
  archiveprefix = {arXiv},
  primaryclass  = {cs.CL}
}

@software{openllama,
  author = {Geng, Xinyang and Liu, Hao},
  title  = {OpenLLaMA: An Open Reproduction of LLaMA},
  month  = May,
  year   = 2023,
  url    = {https://github.com/openlm-research/open_llama}
}

@inproceedings{adapterhub,
  title     = {{A}dapter{H}ub: A Framework for Adapting Transformers},
  author    = {Pfeiffer, Jonas  and
               R{\"u}ckl{\'e}, Andreas  and
               Poth, Clifton  and
               Kamath, Aishwarya  and
               Vuli{\'c}, Ivan  and
               Ruder, Sebastian  and
               Cho, Kyunghyun  and
               Gurevych, Iryna},
  booktitle = {Proceedings of the 2020 Conference on Empirical Methods in Natural Language Processing: System Demonstrations},
  month     = oct,
  year      = {2020},
  address   = {Online},
  publisher = {Association for Computational Linguistics},
  url       = {https://aclanthology.org/2020.emnlp-demos.7},
  doi       = {10.18653/v1/2020.emnlp-demos.7},
  pages     = {46--54}
}

@misc{knowledge_neurons,
  title         = {Knowledge Neurons in Pretrained Transformers},
  author        = {Damai Dai and Li Dong and Yaru Hao and Zhifang Sui and Baobao Chang and Furu Wei},
  year          = {2022},
  eprint        = {2104.08696},
  archiveprefix = {arXiv},
  primaryclass  = {cs.CL}
}

@article{plagiarism,
  author  = {Dehouche, Nassim},
  year    = {2021},
  month   = {03},
  pages   = {},
  title   = {Plagiarism in the age of massive Generative Pre-trained Transformers (GPT-3): “The best time to act was yesterday. The next best time is now.”},
  volume  = {21},
  journal = {Ethics in Science and Environmental Politics},
  doi     = {10.3354/esep00195}
}

@inproceedings{bpe,
  title     = {Neural Machine Translation of Rare Words with Subword Units},
  author    = {Sennrich, Rico  and
               Haddow, Barry  and
               Birch, Alexandra},
  booktitle = {Proceedings of the 54th Annual Meeting of the Association for Computational Linguistics (Volume 1: Long Papers)},
  year      = {2016},
  address   = {Berlin, Germany},
  publisher = {Association for Computational Linguistics},
  url       = {https://aclanthology.org/P16-1162},
  doi       = {10.18653/v1/P16-1162},
  pages     = {1715--1725}
}

@inproceedings{adamw,
  title     = {Decoupled Weight Decay Regularization},
  author    = {Ilya Loshchilov and Frank Hutter},
  booktitle = {International Conference on Learning Representations},
  year      = {2019},
  url       = {https://openreview.net/forum?id=Bkg6RiCqY7}
}

@inproceedings{,
  author    = {Rajbhandari, Samyam and Rasley, Jeff and Ruwase, Olatunji and He, Yuxiong},
  title     = {ZeRO: Memory Optimizations toward Training Trillion Parameter Models},
  year      = {2020},
  isbn      = {9781728199986},
  publisher = {IEEE Press},
  booktitle = {Proceedings of the International Conference for High Performance Computing, Networking, Storage and Analysis},
  articleno = {20},
  numpages  = {16},
  location  = {Atlanta, Georgia},
  series    = {SC '20}
}

@article{gpt2,
  title  = {Language Models are Unsupervised Multitask Learners},
  author = {Radford, Alec and Wu, Jeff and Child, Rewon and Luan, David and Amodei, Dario and Sutskever, Ilya},
  year   = {2019},
  url    = {https://d4mucfpksywv.cloudfront.net/better-language-models/language-models.pdf}
}

@inproceedings{gpt1,
  title  = {Improving Language Understanding by Generative Pre-Training},
  author = {Alec Radford and Karthik Narasimhan},
  year   = {2018}
}

@inproceedings{knowledge_base,
  title     = {Language Models as Knowledge Bases?},
  author    = {Petroni, Fabio  and
               Rockt{\"a}schel, Tim  and
               Riedel, Sebastian  and
               Lewis, Patrick  and
               Bakhtin, Anton  and
               Wu, Yuxiang  and
               Miller, Alexander},
  booktitle = {Proceedings of the 2019 Conference on Empirical Methods in Natural Language Processing and the 9th International Joint Conference on Natural Language Processing (EMNLP-IJCNLP)},
  month     = nov,
  year      = {2019},
  address   = {Hong Kong, China},
  publisher = {Association for Computational Linguistics},
  doi       = {10.18653/v1/D19-1250},
  pages     = {2463--2473}
}

@inproceedings{xfactr,
  title     = {{X}-{FACTR}: Multilingual Factual Knowledge Retrieval from Pretrained Language Models},
  author    = {Jiang, Zhengbao  and
               Anastasopoulos, Antonios  and
               Araki, Jun  and
               Ding, Haibo  and
               Neubig, Graham},
  booktitle = {Proceedings of the 2020 Conference on Empirical Methods in Natural Language Processing (EMNLP)},
  month     = nov,
  year      = {2020},
  address   = {Online},
  publisher = {Association for Computational Linguistics},
  doi       = {10.18653/v1/2020.emnlp-main.479},
  pages     = {5943--5959}
}

@inproceedings{adapter_build_on,
  title     = {Parameter-Efficient Transfer Learning for {NLP}},
  author    = {Houlsby, Neil and Giurgiu, Andrei and Jastrzebski, Stanislaw and Morrone, Bruna and De Laroussilhe, Quentin and Gesmundo, Andrea and Attariyan, Mona and Gelly, Sylvain},
  booktitle = {Proceedings of the 36th International Conference on Machine Learning},
  pages     = {2790--2799},
  year      = {2019},
  editor    = {Chaudhuri, Kamalika and Salakhutdinov, Ruslan},
  volume    = {97},
  series    = {Proceedings of Machine Learning Research},
  month     = {09--15 Jun},
  publisher = {PMLR},
  url       = {https://proceedings.mlr.press/v97/houlsby19a.html}
}

@book{neuronale-netze,
  title     = {Neuronale Netze: Grundlagen, Anwendungen, Beispiele},
  author    = {Kinnebrock, Werner},
  address   = {Berlin},
  publisher = {Oldenbourg Wissenschaftsverlag},
  year      = {1994},
  edition   = {2., verbesserte Auflage. Reprint 2018},
  isbn      = {9783486786361},
  language  = {German},
  url       = {https://doi.org/10.1515/9783486786361}
}

@inproceedings{backpropagation,
  title     = {Learning representations by back-propagating errors},
  author    = {Rumelhart, David E. and Hinton, Geoffrey E. and Williams, Ronald J.},
  year      = {1986},
  publisher = {Nature},
  volume    = {323},
  number    = {6088},
  pages     = {533--536},
  doi       = {10.1038/323533a0}
}

@inproceedings{neuronal_networks_first,
  author    = {McCulloch, Warren and Pitts, Walter},
  title     = {A logical calculus of the ideas immanent in nervous activity},
  publisher = {The bulletin of mathematical biophysics},
  year      = {1943},
  volume    = {5},
  number    = {4},
  pages     = {115--133},
  doi       = {10.1007/BF02478259}
}

@article{qald9,
  title     = {Benchmarking question answering systems},
  author    = {Usbeck, Ricardo and R{\"o}der, Michael and Hoffmann, Michael and Conrads, Felix and Huthmann, Jonathan and Ngonga-Ngomo, Axel-Cyrille and Demmler, Christian and Unger, Christina},
  journal   = {Semantic Web},
  volume    = {10},
  number    = {2},
  pages     = {293--304},
  year      = {2019},
  publisher = {IOS Press}
}

@misc{llama2,
  title         = {Llama 2: Open Foundation and Fine-Tuned Chat Models},
  author        = {Hugo Touvron and Louis Martin and Kevin Stone and Peter Albert and Amjad Almahairi and Yasmine Babaei and Nikolay Bashlykov and Soumya Batra and Prajjwal Bhargava and Shruti Bhosale and Dan Bikel and Lukas Blecher and Cristian Canton Ferrer and Moya Chen and Guillem Cucurull and David Esiobu and Jude Fernandes and Jeremy Fu and Wenyin Fu and Brian Fuller and Cynthia Gao and Vedanuj Goswami and Naman Goyal and Anthony Hartshorn and Saghar Hosseini and Rui Hou and Hakan Inan and Marcin Kardas and Viktor Kerkez and Madian Khabsa and Isabel Kloumann and Artem Korenev and Punit Singh Koura and Marie-Anne Lachaux and Thibaut Lavril and Jenya Lee and Diana Liskovich and Yinghai Lu and Yuning Mao and Xavier Martinet and Todor Mihaylov and Pushkar Mishra and Igor Molybog and Yixin Nie and Andrew Poulton and Jeremy Reizenstein and Rashi Rungta and Kalyan Saladi and Alan Schelten and Ruan Silva and Eric Michael Smith and Ranjan Subramanian and Xiaoqing Ellen Tan and Binh Tang and Ross Taylor and Adina Williams and Jian Xiang Kuan and Puxin Xu and Zheng Yan and Iliyan Zarov and Yuchen Zhang and Angela Fan and Melanie Kambadur and Sharan Narang and Aurelien Rodriguez and Robert Stojnic and Sergey Edunov and Thomas Scialom},
  year          = {2023},
  eprint        = {2307.09288},
  archiveprefix = {arXiv},
  primaryclass  = {cs.CL}
}

@inproceedings{lossscale,
  title     = {Mixed Precision Training},
  author    = {Paulius Micikevicius and Sharan Narang and Jonah Alben and Gregory Diamos and Erich Elsen and David Garcia and Boris Ginsburg and Michael Houston and Oleksii Kuchaiev and Ganesh Venkatesh and Hao Wu},
  booktitle = {International Conference on Learning Representations},
  year      = {2018},
  url       = {https://openreview.net/forum?id=r1gs9JgRZ}
}

@inproceedings{datasets,
  title         = {Datasets: A Community Library for Natural Language Processing},
  author        = {Lhoest, Quentin  and
                   Villanova del Moral, Albert  and
                   Jernite, Yacine  and
                   Thakur, Abhishek  and
                   von Platen, Patrick  and
                   Patil, Suraj  and
                   Chaumond, Julien  and
                   Drame, Mariama  and
                   Plu, Julien  and
                   Tunstall, Lewis  and
                   Davison, Joe  and
                   {\v{S}}a{\v{s}}ko, Mario  and
                   Chhablani, Gunjan  and
                   Malik, Bhavitvya  and
                   Brandeis, Simon  and
                   Le Scao, Teven  and
                   Sanh, Victor  and
                   Xu, Canwen  and
                   Patry, Nicolas  and
                   McMillan-Major, Angelina  and
                   Schmid, Philipp  and
                   Gugger, Sylvain  and
                   Delangue, Cl{\'e}ment  and
                   Matussi{\`e}re, Th{\'e}o  and
                   Debut, Lysandre  and
                   Bekman, Stas  and
                   Cistac, Pierric  and
                   Goehringer, Thibault  and
                   Mustar, Victor  and
                   Lagunas, Fran{\c{c}}ois  and
                   Rush, Alexander  and
                   Wolf, Thomas},
  booktitle     = {Proceedings of the 2021 Conference on Empirical Methods in Natural Language Processing: System Demonstrations},
  month         = nov,
  year          = {2021},
  address       = {Online and Punta Cana, Dominican Republic},
  publisher     = {Association for Computational Linguistics},
  url           = {https://aclanthology.org/2021.emnlp-demo.21},
  pages         = {175--184},
  eprint        = {2109.02846},
  archiveprefix = {arXiv},
  primaryclass  = {cs.CL}
}

@inproceedings{sentencepiece,
  title     = {{S}entence{P}iece: A simple and language independent subword tokenizer and detokenizer for Neural Text Processing},
  author    = {Kudo, Taku  and
               Richardson, John},
  booktitle = {Proceedings of the 2018 Conference on Empirical Methods in Natural Language Processing: System Demonstrations},
  month     = nov,
  year      = {2018},
  address   = {Brussels, Belgium},
  publisher = {Association for Computational Linguistics},
  url       = {https://aclanthology.org/D18-2012},
  doi       = {10.18653/v1/D18-2012},
  pages     = {66--71}
}

@inbook{pytorch,
  author    = {Paszke, Adam and Gross, Sam and Massa, Francisco and Lerer, Adam and Bradbury, James and Chanan, Gregory and Killeen, Trevor and Lin, Zeming and Gimelshein, Natalia and Antiga, Luca and Desmaison, Alban and K\"{o}pf, Andreas and Yang, Edward and DeVito, Zach and Raison, Martin and Tejani, Alykhan and Chilamkurthy, Sasank and Steiner, Benoit and Fang, Lu and Bai, Junjie and Chintala, Soumith},
  title     = {PyTorch: An Imperative Style, High-Perfor"-mance Deep Learning Library},
  year      = {2019},
  publisher = {Curran Associates Inc.},
  address   = {Red Hook, NY, USA},
  booktitle = {Proceedings of the 33rd International Conference on Neural Information Processing Systems},
  articleno = {721},
  numpages  = {12}
}

@inproceedings{transformers,
  title     = {Transformers: State-of-the-Art Natural Language Processing},
  author    = {Thomas Wolf and Lysandre Debut and Victor Sanh and Julien Chaumond and Clement Delangue and Anthony Moi and Pierric Cistac and Tim Rault and Rémi Louf and Morgan Funtowicz and Joe Davison and Sam Shleifer and Patrick von Platen and Clara Ma and Yacine Jernite and Julien Plu and Canwen Xu and Teven Le Scao and Sylvain Gugger and Mariama Drame and Quentin Lhoest and Alexander M. Rush},
  booktitle = {Proceedings of the 2020 Conference on Empirical Methods in Natural Language Processing: System Demonstrations},
  month     = oct,
  year      = {2020},
  address   = {Online},
  publisher = {Association for Computational Linguistics},
  url       = {https://www.aclweb.org/anthology/2020.emnlp-demos.6},
  pages     = {38--45}
}

@inproceedings{4bit,
  title     = {The case for 4-bit precision: k-bit Inference Scaling Laws},
  author    = {Dettmers, Tim and Zettlemoyer, Luke},
  booktitle = {Proceedings of the 40th International Conference on Machine Learning},
  pages     = {7750--7774},
  year      = {2023},
  editor    = {Krause, Andreas and Brunskill, Emma and Cho, Kyunghyun and Engelhardt, Barbara and Sabato, Sivan and Scarlett, Jonathan},
  volume    = {202},
  series    = {Proceedings of Machine Learning Research},
  month     = {23--29 Jul},
  publisher = {PMLR},
  url       = {https://proceedings.mlr.press/v202/dettmers23a.html}
}

@article{8bit-inference,
  publtype = {informal},
  author   = {Tim Dettmers and Mike Lewis and Younes Belkada and Luke Zettlemoyer},
  title    = {LLM.int8(): 8-bit Matrix Multiplication for Transformers at Scale},
  year     = {2022},
  cdate    = {1640995200000},
  journal  = {CoRR},
  volume   = {abs/2208.07339},
  url      = {https://doi.org/10.48550/arXiv.2208.07339}
}

@inproceedings{lora,
  title     = {Lo{RA}: Low-Rank Adaptation of Large Language Models},
  author    = {Edward J Hu and yelong shen and Phillip Wallis and Zeyuan Allen-Zhu and Yuanzhi Li and Shean Wang and Lu Wang and Weizhu Chen},
  booktitle = {International Conference on Learning Representations},
  year      = {2022},
  url       = {https://openreview.net/forum?id=nZeVKeeFYf9}
}

@misc{context-extract,
  title         = {Lost in the Middle: How Language Models Use Long Contexts},
  author        = {Nelson F. Liu and Kevin Lin and John Hewitt and Ashwin Paranjape and Michele Bevilacqua and Fabio Petroni and Percy Liang},
  year          = {2023},
  eprint        = {2307.03172},
  archiveprefix = {arXiv},
  primaryclass  = {cs.CL}
}

@inproceedings{deepspeed,
  author    = {Rajbhandari, Samyam and Rasley, Jeff and Ruwase, Olatunji and He, Yuxiong},
  title     = {ZeRO: Memory Optimizations toward Training Trillion Parameter Models},
  year      = {2020},
  isbn      = {9781728199986},
  publisher = {IEEE Press},
  booktitle = {Proceedings of the International Conference for High Performance Computing, Networking, Storage and Analysis},
  articleno = {20},
  numpages  = {16},
  location  = {Atlanta, Georgia},
  series    = {SC '20}
}

@misc{extending-context,
  title         = {Extending Context Window of Large Language Models via Positional Interpolation},
  author        = {Shouyuan Chen and Sherman Wong and Liangjian Chen and Yuandong Tian},
  year          = {2023},
  eprint        = {2306.15595},
  archiveprefix = {arXiv},
  primaryclass  = {cs.CL}
}

@article{retrieval-1,
  title={Retrieval-Augmented Generation for Know"-ledge-Intensive NLP Tasks},
  author={Patrick Lewis and Ethan Perez and Aleksandara Piktus and Fabio Petroni and Vladimir Karpukhin and Naman Goyal and Heinrich Kuttler and Mike Lewis and Wen-tau Yih and Tim Rockt{\"a}schel and Sebastian Riedel and Douwe Kiela},
  journal={ArXiv},
  year={2020},
  volume={abs/2005.11401},
  url={https://api.semanticscholar.org/CorpusID:218869575}
}

@inproceedings{retrieval-2,
  title={Generation-Augmented Retrieval for Open-Domain Question Answering},
  author={Yuning Mao and Pengcheng He and Xiaodong Liu and Yelong Shen and Jianfeng Gao and Jiawei Han and Weizhu Chen},
  booktitle={Annual Meeting of the Association for Computational Linguistics},
  year={2020},
  url={https://api.semanticscholar.org/CorpusID:221802772}
}